<?xml version="1.0" encoding="UTF-8"?><collection xmlns="http://www.loc.gov/MARC21/slim"><record><leader>00564nam--2200217-u-4500</leader><controlfield tag="001">000052050</controlfield><controlfield tag="002">20161230</controlfield><controlfield tag="005">20170204191311</controlfield><controlfield tag="008">090610s1000------------r-----000-0-eng-d</controlfield><datafield ind1=" " ind2=" " tag="020"><subfield code="a">0-521-63557-8</subfield></datafield><datafield ind1=" " ind2=" " tag="040"><subfield code="a">IFIN-HH</subfield></datafield><datafield ind1=" " ind2=" " tag="080"><subfield code="a">517.9</subfield></datafield><datafield ind1="1" ind2=" " tag="100"><subfield code="a">Infeld, Eryk</subfield></datafield><datafield ind1="1" ind2=" " tag="245"><subfield code="a">Nonlinear Waves,Solitons and Chaos</subfield></datafield><datafield ind1=" " ind2=" " tag="260"><subfield code="a">Cambridge</subfield><subfield code="b">University Press</subfield><subfield code="c">2000</subfield></datafield><datafield ind1=" " ind2=" " tag="300"><subfield code="a">391 p</subfield></datafield><datafield ind1=" " ind2=" " tag="504"><subfield code="a">Includes Bibliographical References and Index</subfield></datafield><datafield ind1=" " ind2="4" tag="650"><subfield code="a">Solitons</subfield></datafield><datafield ind1=" " ind2=" " tag="700"><subfield code="a">Rowlands, George</subfield></datafield><datafield ind1=" " ind2=" " tag="852"><subfield code="a">81361</subfield><subfield code="c">517.9</subfield></datafield><datafield ind1=" " ind2=" " tag="CAT"><subfield code="a">SYS</subfield><subfield code="c">20170204</subfield><subfield code="h">191311</subfield></datafield></record></collection>